@book
{ref2,
author={Dupont, Fernand},
title={Les choux farcis},
publisher={Un gros Ã©diteur},
year={2004}
}
